<?xml version="1.0" encoding="UTF-8"?><collection xmlns="http://www.loc.gov/MARC21/slim"><record><leader>00310nam--2200133-i-4500</leader><controlfield tag="001">000045085</controlfield><controlfield tag="002">20161230</controlfield><controlfield tag="005">20161230201044</controlfield><controlfield tag="008">060222s1000------------r-----000-0-eng-d</controlfield><datafield ind1=" " ind2=" " tag="080"><subfield code="a">543.064</subfield></datafield><datafield ind1=" " ind2=" " tag="245"><subfield code="a">Trace analysis</subfield></datafield><datafield ind1=" " ind2=" " tag="260"><subfield code="a">New York, Acad.Press, 1981, Ix+331p</subfield></datafield><datafield ind1=" " ind2=" " tag="700"><subfield code="a">Lawrence,Jamesf</subfield></datafield><datafield ind1=" " ind2=" " tag="852"><subfield code="a">70115</subfield></datafield></record></collection>